@inproceedings{Beling-2021,
    author          = {Beling, K. S. and Warsa, J. S. and Prinja, A. K. and Dixon, D. A.},
    title           = {Discontinuous-Galerkin Discretization of the Energy-Dependent Fokker-Planck Operator},
    booktitle       = {Proceedings of The International Conference on Mathematics and Computational Methods Applied to Nuclear Science and Engineering},
    pages           = {14-23},
    year            = {2021}
}

@unpublished{Beling-2021-LANDO,
    author = {Beling, K. S.},
    note   = {https://gitlab.lanl.gov/biff/data/lando},
    title  = {LANDO},
    year   = {2021}
}

@book{Bell-1970,
    author          = {Bell, G. I. and Glasstone, S.},
    title           = {Nuclear Reactor Theory},
    publisher       = {Litton Educational Publishing Inc.},
    year            = {1970}
}

@book{Bellan-2006,
    author          = {Bellan, P. M.},
    title           = {Fundamentals of Plasma Physics},
    publisher       = {Cambridge University Press},
    year            = {2006}
}

@article{Bellman-1972,
  author          = {Bellman, R. and Kashef, B. G. and Casti, J.},
  journal         = {Journal of Computational Physics},
  number          = {},
  title           = {Differential Quadrature: A Technique for the Rapid Solution of Nonlinear Partial Differential Equations},
  volume          = {10},
  pages           = {40-52},
  year            = {1972}
}

@incollection{Berger-1963,
  author         = {M.J. Berger},
  booktitle      = {Methods in Computational Physics, Vol. 1 of Statistical Physics, Advances in Research and Applications},
  publisher      = {Academic Press},
  title          = {Monte Carlo calculation of the penetration and diffusion of fast charged particles},
  pages          = {135-215},
  year           = {1963}
}

@inproceedings{Boschini-2011,
    author          = {Boschini, M. J. and Consolandi, C. and Gervasi, M. and Giani, S. and Grandi, D. and Ivanchenko, V. and Rancoita, P. G. and Tacconi, M.},
    title           = {Nuclear and Non-Ionizing Energy-Loss for Coulomb Scattered Particles from Low Energy u to Relativisitc Regime in Space Radiation Environment},
    booktitle       = {Cosmic Rays for Particle and Astroparticle Physics - Proceedings of the 12th ICATPP Conference},
    pages           = {9-23},
    year            = {2011}
}

@article{Caro-1983,
    author          = {Caro, M. and Ligou, J.},
    title           = {Treatement of Scattering Anisotropy of Neutrons Through the Boltzmann-Fokker-Planck Equation},
    journal         = {Nuclear Science and Engineering},
    volume          = {83},
    number          = {2},
    pages           = {242-252},
    year            = {1983}
}

@article{Cheng-2008,
    author          = {Cheng, Y. and Shu, C.},
    title           = {Superconvergence of Local Discontinuos Galerkin Methods for One-Dimensional Convection-Diffusion Equations},
    journal         = {Computers and Structures},
    volume          = {87},
    number          = {11-12},
    pages           = {630-641},
    year            = {2009}
}

@article{Conlin-2019,
    title = {A Compact ENDF (ACE) Format Specification},
    author = {Conlin, J. L. and Romano, P.},
    journal = {LA-UR},
    number = {29016},
    volume = {19},
    place = {United States},
    year = {2019}
} 

@incollection{Cullen-2010,
  author         = {Cullen, D. E.},
  booktitle      = {Handbook of Nuclear Engineering},
  publisher      = {Springer Reference},
  title          = {Nuclear Data Prepration},
  year           = {2010}
}

@article{Devaney-1971,
  author          = {J. J. Devaney and M. L. Stein},
  journal         = {Nuclear Science and Engineering},
  number          = {3},
  title           = {Plasma Energy Deposition from Nuclear Elastic Scattering},
  volume          = {46},
  pages           = {323-333},
  year            = {1971}
}

@article{Dixon-2015,
  author          = {Dixon, D. A. and Prinja, A. K. and Franke, B. C.},
  journal         = {Nuclear Instruments and Methods in Physics Research Section B: Beam Interactions with Materials and Atoms},
  title           = {A computationally efficient moment-preserving Monte Carlo electron transport method with implementation in Geant4},
  volume          = {359},
  pages           = {20-35},
  year            = {2015}
}

@article{Brown-2018,
    title = {ENDF/B-VIII.0: The 8th Major Release of the Nuclear Reaction Data Library with CIELO-project Cross Sections, New Standards and Thermal Scattering Data},
    journal = {Nuclear Data Sheets},
    volume = {148},
    pages = {1-142},
    year = {2018},
    note = {Special Issue on Nuclear Reaction Data},
    author = {D.A. Brown and M.B. Chadwick and R. Capote and A.C. Kahler and A. Trkov and M.W. Herman and A.A. Sonzogni and Y. Danon and A.D. Carlson and M. Dunn and D.L. Smith and G.M. Hale and G. Arbanas and R. Arcilla and C.R. Bates and B. Beck and B. Becker and F. Brown and R.J. Casperson and J. Conlin and D.E. Cullen and M.-A. Descalle and R. Firestone and T. Gaines and K.H. Guber and A.I. Hawari and J. Holmes and T.D. Johnson and T. Kawano and B.C. Kiedrowski and A.J. Koning and S. Kopecky and L. Leal and J.P. Lestone and C. Lubitz and J.I. {Márquez Damián} and C.M. Mattoon and E.A. McCutchan and S. Mughabghab and P. Navratil and D. Neudecker and G.P.A. Nobre and G. Noguere and M. Paris and M.T. Pigni and A.J. Plompen and B. Pritychenko and V.G. Pronyaev and D. Roubtsov and D. Rochman and P. Romano and P. Schillebeeckx and S. Simakov and M. Sin and I. Sirakov and B. Sleaford and V. Sobes and E.S. Soukhovitskii and I. Stetcu and P. Talou and I. Thompson and S. {van der Marck} and L. Welser-Sherrill and D. Wiarda and M. White and J.L. Wormald and R.Q. Wright and M. Zerkle and G. Žerovnik and Y. Zhu}
}

@book{Evans-1976,
    author         = {Evans, R.},
    editor         = {},
    title          = {The Atomic Nucleus},
    publisher      = {McGraw-Hill, Inc, New York},
    year           = {1976}
}

@book{Goldstein-1980,
    added-at = {2011-08-23T10:21:40.000+0200},
    author = {Goldstein, Herbert},
    biburl = {https://www.bibsonomy.org/bibtex/214fd8bdf635378c1cb0259b598386bde/jgurian},
    groups = {public},
    interhash = {6d2dd3d33491ec62a06fc5210c7983d6},
    intrahash = {14fd8bdf635378c1cb0259b598386bde},
    keywords = {},
    mendeley-groups = {Complete Library},
    publisher = {Addison-Wesley},
    timestamp = {2011-08-23T10:21:40.000+0200},
    title = {Classical Mechanics},
    username = {jgurian},
    year = 1980
}



@book{Gulob-2013,
    author         = {Gulob, G. H. and Loan, C. F. Van},
    editor         = {},
    publisher      = {The John Hopkins University Press},
    title          = {Matrix Computations},
    edition        = {4},
    year           = {2013}
}

@article{Haldy-1977,
    author          = {Haldy, P. A. and Ligou, J.},
    title           = {A Moment Method for Calculating the Transport of Energetic Charged Particles in Hot Plasmas},
    journal         = {Nuclear Fusion},
    volume          = {17},
    number          = {6},
    pages           = {1225-1235},
    year            = {1977}
}

@article{Haldy-1980,
    author          = {Haldy, P. A. and Ligou, J.},
    title           = {A Multigroup Formalism to Solve the Fokker-Planck Equation Characterizing Charged Particle Transport},
    journal         = {Nuclear Science and Engineering},
    volume          = {74},
    number          = {3},
    pages           = {178-184},
    year            = {1980}
}

@inproceedings{Hale-1983,
    author          = {Hale, G. M. and Dodder, D. C. and DeVeaux, J. C.},
    title           = {Charged-Particle Elastic Cross Sections},
    booktitle       = {Nuclear Data for Science and Technology},
    editor          = {Bockhoff},
    pages           = {326-330},
    year            = {1983}
}

@article{Honrubia-1986,
    author          = {Honrubia, J. J. and Aragones, J. M.},
    title           = {Finite Element Method for Charged-Particle Calculations},
    journal         = {Nuclear Science and Engineering},
    volume          = {93},
    number          = {4},
    pages           = {386-402},
    year            = {1986}
}

@article{Landesman-1989,
    author          = {Landesman, M. and Morel, J. E.},
    title           = {Angular Fokker-Planck Decomposition and Representation Techniques},
    journal         = {Nuclear Science and Engineering},
    volume          = {103},
    number          = {1},
    pages           = {1-11},
    year            = {1989}
}

@article{Larsen-1999,
    author          = {Larsen, E. W.},
    journal         = {Progress in Nuclear Energy},
    number          = {4},
    title           = {The Linear Boltzmann Equation in Optically Thick Systems with Forward Peaked Scattering},
    volume          = {34},
    pages           = {413-423},
    year            = {1999}
}

@article{Lazo-1986,
    author          = {Lazo, M. S. and Morel, J. E.},
    title           = {A Linear Discontinuous Galerkin Approximation for the Continuous Slowing Down Operator},
    journal         = {Nuclear Science and Engineering},
    volume          = {92},
    number          = {1},
    pages           = {98-109},
    year            = {1986}
}

@article{Leakeas-2001,
    author          = {Leakeas, C. L. and Larsen, E. W.},
    title           = {Generalized Fokker-Planck Approximations of Particle Transport with Highly Forward-Peaked Scattering},
    journal         = {Science and Engineering},
    volume          = {137},
    number          = {3},
    pages           = {236-250},
    year            = {2001}
}

@book{Leroy-2009,
    author         = {Leroy, C. and Rancoita, P.G.},
    publisher      = {World Scientific},
    title          = {Principles of Radiation Interaction in Matter and Detection, 2nd Edition},
    year           = {2009}
}

@book{Lewis-1984,
    author         = {Lewis, E. E. and Miller, W. F.},
    editor         = {},
    publisher      = {John Wiley and Sons},
    title          = {Computational Methods of Neutron Transport},
    year           = {1984}
}

@article{Li-1993,
    author          = {Li, C.K. and Petrasso, R. D.},
    journal         = {Physical Review Letters},
    number          = {20},
    title           = {Charged-Particle Stopping Powers in Inertial Confinement Fusion Plasmas},
    volume          = {70},
    pages           = {3059-3062},
    year            ={1993}
}

@article{Ligou-1981,
    author          = {Ligou, J.},
    title           = {Fusion Reaction Product Transport in Inertially Confined Plasmas},
    journal         = {Advances in Mathematical Methods for the Solution of Nuclear Engineering Problems},
    volume          = {2},
    pages           = {639},
    year            = {1981}
}

@article{Ligou-1986,
    author          = {Ligou, J.},
    title           = {The Boltzmann-Fokker-Planck Equation},
    journal         = {Journal of Computational and Theoretical Transport},
    volume          = {15},
    number          = {6-7},
    pages           = {985-1005},
    year            = {1986}
}

@article{Liscum-Powell-2002,
    author          = {Liscum-Powell, J. L. and et al},
    title           = {Finite Element Solution of the Self-Adjoint Angular Flux Equation for Coupled Electron-Photon Transport},
    journal         = {Nuclear Science and Engineering},
    volume          = {142},
    number          = {1},
    pages           = {270-291},
    year            = {2002}
}

@article{Morel-1984,
    author          = {Morel, J. E. and Montry, G. R.},
    journal         = {Transport Theory and Statistical Physics},
    number          = {5},
    title           = {Analysis and Elimination of the Discrete-Ordinates Flux Dip},
    volume          = {13},
    pages           = {615-633},
    year            = {1984}
}

@article{Morel-1985,
    author          = {Morel, J. E.},
    title           = {An Improved Fokker-Planck Angular Differencing},
    journal         = {Nuclear Science and Engineering},
    volume          = {89},
    number          = {2},
    pages           = {131-136},
    year            = {1985}
}

@article{Morel-1996,
    author          = {Morel, J. E. and Lorence, L. J. and Kensek, R. P. and Halbleib, J. A. and Sloan, D. P.},
    journal         = {Nuclear Science and Engineering},
    number          = {124},
    title           = {A Hybrid Multigroup/Continuous-Energy Monte Carlo Method for Solving the Boltzmann-Fokker-Planck Equation},
    volume          = {3},
    pages           = {369-389},
    year            = {1996}
}

@article{Nakao-1988,
    author          = {Nakao, Y. and Hori, H. and Hanada , T. and Kudo, K. and Ohta, M.},
    title           = {Time Dependent Multigroup Analysis of Nuclear Elastic Scattering Effects in Advanced Fuel Fusion Plasmas},
    journal         = {Nuclear Fusion},
    volume          = {28},
    number          = {6},
    pages           = {1029-1040},
    year            = {1988}
}

@article{Nakao-1990,
    author          = {Nakao, Y. and Honda, T. and Kudo, K. and Shiba, T. and Nakashima, H.},
    title           = {Effects of Nuclear Elastic Scattering on Energetic Ion Transport in Hot Dense Plasmas},
    journal         = {Nuclear Fusion},
    volume          = {30},
    number          = {1},
    pages           = {143-155},
    year            = {1990}
}

@manual{NJOY-2016,
  author       = {MacFarlane, R. E. et al},
  title        = {The NJOY Nuclear Data Processing System, Version 2016}
}

@inproceedings{Perugia-2004,
    author          = {Perugia, I. et al},
    title           = {On a Discontinuous Galerkin Method for Radiation-Diffusion Problems},
    booktitle       = {Numerical Mathematics and Advanced Applications},
    editor          = {Feistauer, Miloslav and Dolej{\v{s}}{\'i}, V{\'}t and Knobloch, Petr and Najzar, Karel},
    publisher       = {Springer Berlin Heidelberg},
    pages           = {687-697},
    year            = {2004}
}

@article{Perkins-1981,
    author          = {Perkins, S. T. and Cullen, D. E.},
    title           = {Elastic Nuclear Plus Interference Cross Sections for Light-Charged Particles},
    journal         = {Nuclear Science and Engineering},
    volume          = {77},
    pages           = {20-39},
    year            = {1981}
}

@article{Pomraning-1992,
    author          = {Pomraning, G. C.},
    title           = {The Fokker-Planck Operator as an Asymptotic Limit},
    journal         = {Mathematical Models and Methods in Applied Sciences},
    volume          = {2},
    number          = {1},
    pages           = {21-36},
    year            = {1992}
}

@article{Pomraning-1996,
    author          = {Pomraning, G. C.},
    title           = {Higher Order Fokker-Planck Operators},
    journal         = {Nuclear Science and Engineering},
    volume          = {124},
    number          = {3},
    pages           = {390-397},
    year            = {1996}
}

@misc{ENDFtk,
    author       = {Hack, W. and et al},
    howpublished = {Production Code in NJOY},
    title        = {ENDFtk},
    year         = {2021}
}

@article{Prinja-2001,
    author          = {Prinja, A. K. and Pomraning, G. C.},
    title           = {A Generalized Fokker-Planck Model for Transport of Collimated Beams},
    journal         = {Nuclear Science and Engineering},
    volume          = {137},
    number          = {3},
    pages           = {227-235},
    year            = {2001}
}

@inproceedings{Prinja-2002,
  author          = {Prinja, A. K. and Klein, V. and Hughes, H.G.},
  booktitle       = {Transport Methods and Computations: General},
  title           = {Moment-Based Effective Transport Equations for Energy Straggling},
  pages           = {204-206},
  year            = {2002}
}

@incollection{Prinja-2010,
  author         = {Prinja, A. K. and Larsen, E. W.},
  booktitle      = {Handbook of Nuclear Engineering},
  publisher      = {Springer Reference},
  title          = {General Principles of Neutron Transport},
  year           = {2010}
}

@article{Przybylski-1982,
    author          = {Przybylski, K. and Ligou, J.},
    title           = {Numerical Analysis of the Boltzmann Equation Including Fokker-Planck Terms},
    journal         = {Nuclear Science and Engineering},
    volume          = {81},
    number          = {1},
    pages           = {91-109},
    year            = {1982}
}

@book{Shu-2000,
    author          = {Shu, Chang},
    year            = {2000},
    publisher       = {Springer-Verlag},
    title           = {Differential Quadrature and Its Application in Engineering}
}

@article{Tran-1981,
    author          = {Tran, T. M. and Ligou, J.},
    title           = {An Accurate Numerical Method to Solve the Linear Fokker-Planck Equation Characterizing Charged Particle Transport in Spherical Plasmas},
    journal         = {Nuclear Science and Engineering},
    volume          = {79},
    number          = {3},
    pages           = {269-277},
    year            = {1981}
}

@article{Warsa-2002,
    author          = {Warsa, J. S. and Wareing, T. A. and Morel, J. E.},
    title           = {Fully Consistent Diffusion Synthetic Acceleration of Linear Discontinuous $S_N$ Transport Discretizations on Unstructured Tetrahedral Meshes},
    journal         = {Nuclear Science and Engineering},
    volume          = {141},
    number          = {3},
    pages           = {236-251},
    year            = {2002}
}

@article{Warsa-2006,
    author          = {Warsa, J. S. and Morel, J. E.},
    title           = {Numerical Solution Algorithms for a $P_{N-1}$-equivalent $S_N$ Angular Discretization of the Transport Equation in One-dimensional Spherical Geometry},
    journal         = {Transactions of the American Nuclear Society},
    volume          = {95},
    pages           = {81-883},
    year            = {2006}
}

@article{Warsa-2012,
    author          = {Warsa, J. S. and Prinja, A. K.},
    title           = {A moment Preserving $S_N$ Discretization for the One-Dimensional Fokker-Planck Equation},
    journal         = {Transactions of the American Nuclear Society},
    volume          = {106},
    pages           = {362-365},
    year            = {2012}
}

@article{Warsa-2014,
    author          = {Warsa, J. S. and Prinja, A. K.},
    title           = {Differential Quadrature Approximation of the Angular Derivative Terms in the Curvilinear-Coordinates $S_N$ Equations},
    journal         = {Transactions of the American Nuclear Society},
    volume          = {111},
    pages           = {689-692},
    year            = {2014}
}

@article{Wentzel-1927,
    author          = {Wentzel, G.},
    title           = {Zwei Bemerkungen \"{u}ber die Zerstreuung korpuskularer Straahlen als Beugungserscheinung},
    journal         = {Zeitschrift f\"{u}r Physik},
    volume          = {40},
    pages           = {590-593},
    year            = {1926}
}